<record xmlns="http://www.loc.gov/MARC21/slim" xmlns:xsi="http://www.w3.org/2001/XMLSchema-instance" xsi:schemaLocation="http://www.loc.gov/MARC21/slim http://www.loc.gov/standards/marcxml/schema/MARC21slim.xsd">

  <leader>00750nam a2200205   4500</leader>
  <controlfield tag="008">151215b2013    C  ||||| |||| 00| | spa d</controlfield>
  <datafield tag="090" ind1=" " ind2=" ">
    <subfield code="a">19.01.02 </subfield>
    <subfield code="b">2168 </subfield>
  </datafield>
  <datafield ind1="1" tag="100" ind2=" ">
    <subfield code="9">1222</subfield>
    <subfield code="a">Murillo Rivera, Maureen</subfield>
  </datafield>
  <datafield tag="245" ind1="1" ind2="0">
    <subfield code="a">Uso de las redes sociales virtuales en la población adulta mayor. Una experiencia de investigación - acción /</subfield>
    <subfield code="c">Maureen Murillo Rivera</subfield>
  </datafield>
  <datafield ind2=" " tag="260" ind1=" ">
    <subfield code="a">San José, Costa Rica:</subfield>
    <subfield code="b">INIE, </subfield>
    <subfield code="c">2013</subfield>
  </datafield>
  <datafield ind1=" " tag="300" ind2=" ">
    <subfield code="a">449 páginas</subfield>
  </datafield>
  <datafield ind2=" " ind1=" " tag="500">
    <subfield code="a">Informe final proyecto de investigación N°. 724-B1-310</subfield>
  </datafield>
  <datafield ind2="4" ind1="1" tag="650">
    <subfield code="9">484</subfield>
    <subfield code="a">TECNOLOGÍA DE LA INFORMACIÓN </subfield>
  </datafield>
  <datafield ind2="4" tag="650" ind1="1">
    <subfield code="9">925</subfield>
    <subfield code="a">TECNOLOGÍA DE LAS COMUNICACIONES</subfield>
  </datafield>
  <datafield ind2="4" tag="650" ind1="1">
    <subfield code="9">297</subfield>
    <subfield code="a">REDES SOCIALES</subfield>
  </datafield>
  <datafield tag="650" ind1="1" ind2="4">
    <subfield code="9">1</subfield>
    <subfield code="a">EDUCACIÓN</subfield>
  </datafield>
  <datafield tag="650" ind1="1" ind2="4">
    <subfield code="9">350</subfield>
    <subfield code="a">INTERNET </subfield>
  </datafield>
  <datafield tag="650" ind1="1" ind2="4">
    <subfield code="9">821</subfield>
    <subfield code="a">ADULTOS </subfield>
  </datafield>
  <datafield ind1=" " tag="942" ind2=" ">
    <subfield code="2">z</subfield>
    <subfield code="c">04</subfield>
  </datafield>
  <datafield ind1=" " tag="999" ind2=" ">
    <subfield code="c">2978</subfield>
    <subfield code="d">2978</subfield>
  </datafield>
</record>